@Misc{curso_integrais_duplas_triplas,
	author =   {Fernando Grings},
	title =    {Curso de Integrais Duplas e Triplas},	
	howpublished = {\url{https://www.youtube.com/playlist?list=PL82B9E5FF3F2B3BD3}},
	year =     2016
}